<record><leader>00000cas a2200000 i 4500</leader><controlfield tag="001">905087901</controlfield><controlfield tag="006">m     o  d        </controlfield><controlfield tag="007">cr |||||||||||</controlfield><controlfield tag="008">150318d18581862lauwr neo     0   a0eng  </controlfield><datafield ind1=" " ind2=" " tag="010"><subfield code="a">  2015218586</subfield></datafield><datafield ind1=" " ind2=" " tag="040"><subfield code="a">DLC</subfield><subfield code="b">eng</subfield><subfield code="e">rda</subfield><subfield code="c">DLC</subfield><subfield code="d">DLC</subfield><subfield code="d">OCLCF</subfield></datafield><datafield ind1="0" ind2=" " tag="022"><subfield code="a">2378-4423</subfield><subfield code="2">1</subfield></datafield><datafield ind1=" " ind2=" " tag="042"><subfield code="a">pcc</subfield><subfield code="a">nsdp</subfield></datafield><datafield ind1=" " ind2=" " tag="043"><subfield code="a">n-us-la</subfield></datafield><datafield ind1="1" ind2="0" tag="050"><subfield code="a">ISSN RECORD</subfield></datafield><datafield ind1="0" ind2="0" tag="082"><subfield code="a">071</subfield><subfield code="2">23</subfield></datafield><datafield ind1=" " ind2="0" tag="222"><subfield code="a">Pointe Coupee Democrat</subfield><subfield code="b">(Online)</subfield></datafield><datafield ind1="0" ind2="0" tag="245"><subfield code="a">Pointe Coupee Democrat.</subfield></datafield><datafield ind1="3" ind2="0" tag="246"><subfield code="a">De&#769;mocrate de la Pointe-Coupe&#769;e</subfield></datafield><datafield ind1="3" ind2="0" tag="246"><subfield code="a">De&#769;mocrate de la Pte. Coupe&#769;e</subfield></datafield><datafield ind1=" " ind2="1" tag="264"><subfield code="a">False River [i.e. New Roads], Parish of Pointe Coupee [Louisiana.] :</subfield><subfield code="b">Edward J. Pullen</subfield></datafield><datafield ind1=" " ind2=" " tag="300"><subfield code="a">1 online resource</subfield></datafield><datafield ind1=" " ind2=" " tag="310"><subfield code="a">Weekly</subfield></datafield><datafield ind1=" " ind2=" " tag="336"><subfield code="a">text</subfield><subfield code="b">txt</subfield><subfield code="2">rdacontent</subfield></datafield><datafield ind1=" " ind2=" " tag="337"><subfield code="a">computer</subfield><subfield code="b">c</subfield><subfield code="2">rdamedia</subfield></datafield><datafield ind1=" " ind2=" " tag="338"><subfield code="a">online resource</subfield><subfield code="b">cr</subfield><subfield code="2">rdacarrier</subfield></datafield><datafield ind1="1" ind2=" " tag="362"><subfield code="a">Began with Jan. 16, 1858 issue. Ceased in 1862?</subfield></datafield><datafield ind1=" " ind2=" " tag="500"><subfield code="a">Published with an additional masthead in French: Le de&#769;mocrate de la Pte. Coupe&#769;e, &lt;Jan. 23, 1858&gt; -Nov. 27, 1858; De&#769;mocrate de la Pointe Coupe&#769;e, Dec. 4, 1858-Apr. 23, 1859; De&#769;mocrate de la Pointe-Coupe&#769;e, Apr. 30, 1859-&lt;June 29, 1861&gt;.</subfield></datafield><datafield ind1=" " ind2=" " tag="500"><subfield code="a">Published as: De&#769;mocrate de la Pointe-Coupe&#769;e, &lt;Aug. 3, 1861&gt;-&lt;Mar. 1, 1862&gt;.</subfield></datafield><datafield ind1=" " ind2=" " tag="500"><subfield code="a">Editor: P.A. Roy, &lt;1861&gt;.</subfield></datafield><datafield ind1=" " ind2=" " tag="546"><subfield code="a">In English and French.</subfield></datafield><datafield ind1=" " ind2=" " tag="588"><subfield code="a">Description based on: Vol. 1, no. 2 (January 23, 1858); title from masthead (Chroniclingamerica.loc.gov, viewed March 18, 2015).</subfield></datafield><datafield ind1=" " ind2=" " tag="588"><subfield code="a">Latest issue consulted: Vol. V, no. 8 (1er Mars 1862) (Chroniclingamerica.loc.gov, viewed March 18, 2015).</subfield></datafield><datafield ind1=" " ind2="0" tag="651"><subfield code="a">New Roads (La.)</subfield><subfield code="v">Newspapers.</subfield></datafield><datafield ind1=" " ind2="7" tag="655"><subfield code="a">Newspapers.</subfield><subfield code="2">fast</subfield><subfield code="0">(OCoLC)fst01423814</subfield></datafield><datafield ind1=" " ind2="7" tag="651"><subfield code="a">Louisiana</subfield><subfield code="z">New Roads.</subfield><subfield code="2">fast</subfield><subfield code="0">(OCoLC)fst01226281</subfield></datafield><datafield ind1=" " ind2=" " tag="752"><subfield code="a">United States</subfield><subfield code="b">Louisiana</subfield><subfield code="c">Pointe Coupee</subfield><subfield code="d">New Roads.</subfield></datafield><datafield ind1=" " ind2=" " tag="752"><subfield code="a">United States</subfield><subfield code="b">Louisiana</subfield><subfield code="c">Pointe Coupee</subfield><subfield code="d">False River.</subfield></datafield><datafield ind1="0" ind2="8" tag="776"><subfield code="i">Originally issued in print:</subfield><subfield code="t">Pointe Coupee Democrat</subfield><subfield code="x">2378-4415</subfield><subfield code="w">(DLC)sn 86053686</subfield><subfield code="w">(OCoLC)14202096</subfield></datafield><datafield ind1="0" ind2="0" tag="785"><subfield code="t">Pelican (Pointe Coupee, La. : 1877)</subfield></datafield><datafield ind1="4" ind2="0" tag="856"><subfield code="u">http://www.loc.gov/chroniclingamerica/lccn/sn86053686/issues</subfield></datafield></record>